@ONLINE{Einstein,
	  author =       "Albert Einstein",
	    title =        "{Zur Elektrodynamik bewegter K{\"o}rper}. ({German})
		                     [{On} the electrodynamics of moving bodies]",
	      journal =      "Annalen der Physik",
	        volume =       "322",
		  number =       "10",
		    pages =        "891--921",
		      year =         "1905",
		        DOI =          "http://dx.doi.org/10.1002/andp.19053221004"
				}

@ONLINE {Halbach_Array,
	    url = "https://www.kjmagnetics.com/blog.asp?p=halbach-arrays"
		    }

@ONLINE {Concorde_and_airhockey,
	    author = "Jay Yarow",
	        title  = "Elon Musk Has Plans For A New, Magical Form Of Transportation Called The 'Hyperloop'",
		    month  = "may",
		        year   = "2013",
			    url    = "http://www.businessinsider.com/elon-musk-has-plans-for-faster-transportation-called-the-hyperloop-2013-5"
				    }
